<bibtex>

% Natbib package is used
% Guide for natbib: https://www.overleaf.com/learn/latex/bibliography_management_with_natbib

%%%%%% See here for guide on Harvard style:
% https://www.imperial.ac.uk/media/imperial-college/administration-and-support-services/library/public/LaTeX-example-Harvard-apr-2019.pdf
% https://gking.harvard.edu/files/natnotes2.pdf

@book{example_reference1,
    author = {Knapp, E.D, et\addabbrvspace al\adddot},
    title = {\emph{Chapter 13 - Standards and Regulations from Industrial Network Security}. Industrial Network Security (Second Edition)},
    publisher = {Syngress. Boston,p. 387-407.},
    year = {2015}
}

@book{example_reference2,
    author = {DNV-GL},
    title = {\emph{Cyber security in the oil and gas industry
based on IEC 62443}},
    publisher = {DNV-GL-RP-G108. Available from \url{https://rules.dnv.com/docs/pdf/DNV/rp/2017-09/dnvgl-rp-g108.pdf} (Downloaded: December 20th 2021)},
    year = {2017}
}

@book{example_reference3,
    author = {Rausand, M.},
    title = {\emph{Risk Assessment; Theory, Methods, and Applications}},
    publisher = {Wiley, Hoboken, NJ},
    year = {2011}
}


% Examples below
@CONFERENCE{1,
AUTHOR      = {Sarma, P. and Chen, W. H.}, 
TITLE       = {Applications of Optimal Control Theory for Efficient Production Optimization of Realistic Reservoirs},
BOOKTITLE   = {Proceedings of the International Petroleum Technology Conference},
YEAR        = {2008},
Address     = {Kuala Lumpur, Malaysia},
}

@ARTICLE{2,
AUTHOR  = {Brouwer, D. R. and Jansen, J. D.}, 
TITLE   = {Dynamic Optimization of Waterflooding With Smart Wells Using Optimal Control Theory},
JOURNAL = {SPE Journal},
YEAR    = {2004},
Volume  = {9},
Number  = {4},
Pages   = {391-402},
}
% End of examples


@book{fossen2011,
    author = {Fossen, T. I.},
    title = {Handbook of Marine Craft Hydrodynamics and Motion Control},
    publisher = {John Wiley \& Sons, Ltd},
    year = {2011},
    address = {West Sussex, United Kingdom}
}

@book{beard_mclain,
    author = {Beard, R. W. and McLain, T. W.},
    title = {Small Unmanned Aircraft. Theory and Practice},
    publisher = {Princeton University Press},
    year = {2012},
    address = {New Jersey, United States of America}
}

</bibtex>